@article{Rothe:2002:FCT:592642.592646,
 author = {Rothe, J\"{o}rg},
 title = {Some Facets of Complexity Theory and Cryptography: A Five-lecture Tutorial},
 journal = {ACM Comput. Surv.},
 issue_date = {December 2002},
 volume = {34},
 number = {4},
 month = dec,
 year = {2002},
 issn = {0360-0300},
 pages = {504--549},
 numpages = {46},
 url = {http://doi.acm.org/10.1145/592642.592646},
 doi = {10.1145/592642.592646},
 acmid = {592646},
 publisher = {ACM},
 address = {New York, NY, USA},
 keywords = {Complexity theory, interactive proof systems, one-way functions, public-key cryptography, zero-knowledge protocols},
}

@article{Langsworth:2011:USA:2047414.2047427,
 author = {Langsworth, Anthony},
 title = {Using Static Analysis Tools to Detect and Correct Non-compliant Cryptography},
 journal = {SIGSOFT Softw. Eng. Notes},
 issue_date = {November 2011},
 volume = {36},
 number = {6},
 month = nov,
 year = {2011},
 issn = {0163-5948},
 pages = {1--7},
 numpages = {7},
 url = {http://doi.acm.org/10.1145/2047414.2047427},
 doi = {10.1145/2047414.2047427},
 acmid = {2047427},
 publisher = {ACM},
 address = {New York, NY, USA},
 keywords = {C\#, FIPS 140-2, FxCop, compliance, cryptography, encryption, key management, policy, static analysis},
}

@inproceedings{Jariwala:2009:TSA:1655925.1656164,
 author = {Jariwala, Vivaksha J. and Jinwala, Devesh C.},
 title = {A Taxonomy of Security Attacks on the Advanced Encryption Standard},
 booktitle = {Proceedings of the 2Nd International Conference on Interaction Sciences: Information Technology, Culture and Human},
 series = {ICIS '09},
 year = {2009},
 isbn = {978-1-60558-710-3},
 location = {Seoul, Korea},
 pages = {1302--1305},
 numpages = {4},
 url = {http://doi.acm.org/10.1145/1655925.1656164},
 doi = {10.1145/1655925.1656164},
 acmid = {1656164},
 publisher = {ACM},
 address = {New York, NY, USA},
 keywords = {advanced encryption standard, attacks, cipher},
}

@article{Cobb:2013:LMS:2487222.2487224,
 author = {Cobb, William E. and Baldwin, Rusty O. and Laspe, Eric D.},
 title = {Leakage Mapping: A Systematic Methodology for Assessing the Side-Channel Information Leakage of Cryptographic Implementations},
 journal = {ACM Trans. Inf. Syst. Secur.},
 issue_date = {June 2013},
 volume = {16},
 number = {1},
 month = jun,
 year = {2013},
 issn = {1094-9224},
 pages = {2:1--2:29},
 articleno = {2},
 numpages = {29},
 url = {http://doi.acm.org/10.1145/2487222.2487224},
 doi = {10.1145/2487222.2487224},
 acmid = {2487224},
 publisher = {ACM},
 address = {New York, NY, USA},
 keywords = {Differential power analysis, advanced encryption standard, block cipher, cryptanalysis, cryptography, encryption, hardware security, information leakage, physical-layer security, side-channel analysis},
}

@INPROCEEDINGS{6731958,
author={Herath, U. and Alawatugoda, J. and Ragel, R.},
booktitle={Industrial and Information Systems (ICIIS), 2013 8th IEEE International Conference on},
title={Software implementation level countermeasures against the cache timing attack on advanced encryption standard},
year={2013},
month={Dec},
pages={75-80},
keywords={cache storage;cryptography;AES software;advanced encryption standard;cache timing attack;constant encryption time;electronic data transmission security;side channel attack;software implementation level countermeasurement;symmetric key encryption algorithm;Clocks;Encryption;Information systems;Servers;Software;Timing;Advanced Encryption Standard;Cache Timing Attack;Constant time encryption;Side Channel Attack},
doi={10.1109/ICIInfS.2013.6731958},}

@INPROCEEDINGS{5680130,
author={Kaminsky, A. and Kurdziel, M. and Radziszowski, S.},
booktitle={MILITARY COMMUNICATIONS CONFERENCE, 2010 - MILCOM 2010},
title={An overview of cryptanalysis research for the advanced encryption standard},
year={2010},
month={Oct},
pages={1310-1316},
keywords={cryptography;telecommunication security;AES cryptographic algorithm;advanced encryption standard;cryptanalysis research;national security systems;type-1 suite B encryption algorithm;Algorithm design and analysis;Classification algorithms;Encryption;Equations;Hardware;Timing;AES;Advanced Encryption Standard;Cryptanalysis;Side Channel Attacks},
doi={10.1109/MILCOM.2010.5680130},
ISSN={2155-7578},}
