%% This BibTeX bibliography file was created using BibDesk.
%% http://bibdesk.sourceforge.net/

%% Created for Peter Nirschl at 2016-10-29 13:41:01 +0200


%% Saved with string encoding Unicode (UTF-8)



@article{freebsdtls,
	Author = {Randall Stewart and Scott Long},
	Date-Added = {2016-10-28 13:10:14 +0000},
	Date-Modified = {2016-10-29 11:36:03 +0000},
	Journal = {FreeBSD Journal},
	Pages = {8-13},
	Title = {Improving High-Bandwidth TLS in the FreeBSD kernel},
	Volume = {September/October 2016},
	Year = {2016}}

@conference{ocf,
	Author = {Angelos D. Keromytis and Jason L. Wright and Theo de Raadt},
	Booktitle = {USENIX 2003 Annual Technical Conference},
	Date-Added = {2016-10-28 13:03:20 +0000},
	Date-Modified = {2016-10-28 14:56:27 +0000},
	Pages = {181-196},
	Title = {The Design of the OpenBSD Cryptographic Framework},
	Year = {2003}}

@article{Rothe:2002:FCT:592642.592646,
	Acmid = {592646},
	Address = {New York, NY, USA},
	Author = {Rothe, J\"{o}rg},
	Doi = {10.1145/592642.592646},
	Issn = {0360-0300},
	Issue_Date = {December 2002},
	Journal = {ACM Comput. Surv.},
	Keywords = {Complexity theory, interactive proof systems, one-way functions, public-key cryptography, zero-knowledge protocols},
	Month = dec,
	Number = {4},
	Numpages = {46},
	Pages = {504--549},
	Publisher = {ACM},
	Title = {Some Facets of Complexity Theory and Cryptography: A Five-lecture Tutorial},
	Url = {http://doi.acm.org/10.1145/592642.592646},
	Volume = {34},
	Year = {2002},
	Bdsk-Url-1 = {http://doi.acm.org/10.1145/592642.592646},
	Bdsk-Url-2 = {http://dx.doi.org/10.1145/592642.592646}}

@article{Langsworth:2011:USA:2047414.2047427,
	Acmid = {2047427},
	Address = {New York, NY, USA},
	Author = {Langsworth, Anthony},
	Doi = {10.1145/2047414.2047427},
	Issn = {0163-5948},
	Issue_Date = {November 2011},
	Journal = {SIGSOFT Softw. Eng. Notes},
	Keywords = {C\#, FIPS 140-2, FxCop, compliance, cryptography, encryption, key management, policy, static analysis},
	Month = nov,
	Number = {6},
	Numpages = {7},
	Pages = {1--7},
	Publisher = {ACM},
	Title = {Using Static Analysis Tools to Detect and Correct Non-compliant Cryptography},
	Url = {http://doi.acm.org/10.1145/2047414.2047427},
	Volume = {36},
	Year = {2011},
	Bdsk-Url-1 = {http://doi.acm.org/10.1145/2047414.2047427},
	Bdsk-Url-2 = {http://dx.doi.org/10.1145/2047414.2047427}}

@inproceedings{Jariwala:2009:TSA:1655925.1656164,
	Acmid = {1656164},
	Address = {New York, NY, USA},
	Author = {Jariwala, Vivaksha J. and Jinwala, Devesh C.},
	Booktitle = {Proceedings of the 2Nd International Conference on Interaction Sciences: Information Technology, Culture and Human},
	Doi = {10.1145/1655925.1656164},
	Isbn = {978-1-60558-710-3},
	Keywords = {advanced encryption standard, attacks, cipher},
	Location = {Seoul, Korea},
	Numpages = {4},
	Pages = {1302--1305},
	Publisher = {ACM},
	Series = {ICIS '09},
	Title = {A Taxonomy of Security Attacks on the Advanced Encryption Standard},
	Url = {http://doi.acm.org/10.1145/1655925.1656164},
	Year = {2009},
	Bdsk-Url-1 = {http://doi.acm.org/10.1145/1655925.1656164},
	Bdsk-Url-2 = {http://dx.doi.org/10.1145/1655925.1656164}}

@article{Cobb:2013:LMS:2487222.2487224,
	Acmid = {2487224},
	Address = {New York, NY, USA},
	Articleno = {2},
	Author = {Cobb, William E. and Baldwin, Rusty O. and Laspe, Eric D.},
	Doi = {10.1145/2487222.2487224},
	Issn = {1094-9224},
	Issue_Date = {June 2013},
	Journal = {ACM Trans. Inf. Syst. Secur.},
	Keywords = {Differential power analysis, advanced encryption standard, block cipher, cryptanalysis, cryptography, encryption, hardware security, information leakage, physical-layer security, side-channel analysis},
	Month = jun,
	Number = {1},
	Numpages = {29},
	Pages = {2:1--2:29},
	Publisher = {ACM},
	Title = {Leakage Mapping: A Systematic Methodology for Assessing the Side-Channel Information Leakage of Cryptographic Implementations},
	Url = {http://doi.acm.org/10.1145/2487222.2487224},
	Volume = {16},
	Year = {2013},
	Bdsk-Url-1 = {http://doi.acm.org/10.1145/2487222.2487224},
	Bdsk-Url-2 = {http://dx.doi.org/10.1145/2487222.2487224}}

@inproceedings{6731958,
	Author = {Herath, U. and Alawatugoda, J. and Ragel, R.},
	Booktitle = {Industrial and Information Systems (ICIIS), 2013 8th IEEE International Conference on},
	Doi = {10.1109/ICIInfS.2013.6731958},
	Keywords = {cache storage;cryptography;AES software;advanced encryption standard;cache timing attack;constant encryption time;electronic data transmission security;side channel attack;software implementation level countermeasurement;symmetric key encryption algorithm;Clocks;Encryption;Information systems;Servers;Software;Timing;Advanced Encryption Standard;Cache Timing Attack;Constant time encryption;Side Channel Attack},
	Month = {Dec},
	Pages = {75-80},
	Title = {Software implementation level countermeasures against the cache timing attack on advanced encryption standard},
	Year = {2013},
	Bdsk-Url-1 = {http://dx.doi.org/10.1109/ICIInfS.2013.6731958}}

@inproceedings{5680130,
	Author = {Kaminsky, A. and Kurdziel, M. and Radziszowski, S.},
	Booktitle = {MILITARY COMMUNICATIONS CONFERENCE, 2010 - MILCOM 2010},
	Doi = {10.1109/MILCOM.2010.5680130},
	Issn = {2155-7578},
	Keywords = {cryptography;telecommunication security;AES cryptographic algorithm;advanced encryption standard;cryptanalysis research;national security systems;type-1 suite B encryption algorithm;Algorithm design and analysis;Classification algorithms;Encryption;Equations;Hardware;Timing;AES;Advanced Encryption Standard;Cryptanalysis;Side Channel Attacks},
	Month = {Oct},
	Pages = {1310-1316},
	Title = {An overview of cryptanalysis research for the advanced encryption standard},
	Year = {2010},
	Bdsk-Url-1 = {http://dx.doi.org/10.1109/MILCOM.2010.5680130}}

@book{bruceschneier1996,
	Author = {Bruce Schneier},
	Edition = {second},
	Publisher = {John Wiley \& Sons, Inc.},
	Title = {Applied Cryptography},
	Year = {1996}}

@book{ssl2002,
	Author = {John Viega and Matt Messier and Pravir Chandra},
	Edition = {first},
	Month = {June},
	Publisher = {O'Reilly Media, Inc.},
	Title = {Network Security with OpenSSL},
	Year = {2002}}

@manual{lg,
	Author = {Werner Koch and Moritz Schulte},
	Edition = {Version 1.6.3},
	Note = {last accessed on 3/15/2015 at \url{http://www.gnu.org/software/libgcrypt/}},
	Organization = {Free Software Foundation, Inc.},
	Title = {The libgcrypt Reference Manual},
	Year = {2015}}

@inproceedings{5461951,
	Author = {Dell'Amico, M. and Michiardi, P. and Roudier, Y.},
	Booktitle = {INFOCOM, 2010 Proceedings IEEE},
	Doi = {10.1109/INFCOM.2010.5461951},
	Issn = {0743-166X},
	Keywords = {estimation theory;probability;security of data;attackers;authentication;datasets;dictionaries;empirical analysis;password recovery;password strength estimation;probabilistic models;security auditing;Authentication;Best practices;Communications Society;Costs;Dictionaries;Internet;Length measurement;Predictive models;Resilience;Security},
	Month = {March},
	Pages = {1-9},
	Title = {Password Strength: An Empirical Analysis},
	Year = {2010},
	Bdsk-Url-1 = {http://dx.doi.org/10.1109/INFCOM.2010.5461951}}

@inproceedings{Holt:2011:IRS:2047456.2047461,
	Acmid = {2047461},
	Address = {New York, NY, USA},
	Author = {Holt, Larry},
	Booktitle = {Proceedings of the 2011 Information Security Curriculum Development Conference},
	Doi = {10.1145/2047456.2047461},
	Isbn = {978-1-4503-0812-0},
	Keywords = {password, password policy acceptance, password strength, security, user ID},
	Location = {Kennesaw, Georgia},
	Numpages = {8},
	Pages = {34--41},
	Publisher = {ACM},
	Series = {InfoSecCD '11},
	Title = {Increasing Real-world Security of User IDs and Passwords},
	Url = {http://doi.acm.org/10.1145/2047456.2047461},
	Year = {2011},
	Bdsk-Url-1 = {http://doi.acm.org/10.1145/2047456.2047461},
	Bdsk-Url-2 = {http://dx.doi.org/10.1145/2047456.2047461}}

@book{krypto,
	Author = {Klaus Schmeh},
	Edition = {5.},
	Publisher = {dpunkt.verlag GmbH},
	Title = {Kryptographie -- Verfahren, Protokolle, Infrastrukturen},
	Year = {2013}}

@article{thakur2011aes,
  title={DES, AES and Blowfish: Symmetric key cryptography algorithms simulation based performance analysis},
  author={Thakur, Jawahar and Kumar, Nagesh},
  journal={International journal of emerging technology and advanced engineering},
  volume={1},
  number={2},
  pages={6--12},
  year={2011}
}

@inproceedings{Gupta:2002:PAE:570681.570691,
 author = {Gupta, Vipul and Gupta, Sumit and Chang, Sheueling and Stebila, Douglas},
 title = {Performance Analysis of Elliptic Curve Cryptography for SSL},
 booktitle = {Proceedings of the 1st ACM Workshop on Wireless Security},
 series = {WiSE '02},
 year = {2002},
 isbn = {1-58113-585-8},
 location = {Atlanta, GA, USA},
 pages = {87--94},
 numpages = {8},
 url = {http://doi.acm.org/10.1145/570681.570691},
 doi = {10.1145/570681.570691},
 acmid = {570691},
 publisher = {ACM},
 address = {New York, NY, USA},
 keywords = {elliptic curve cryptography (ECC), internet security, secure socket layer (SSL), wireless},
}

@misc{raab2008thesis,
	Author = "Markus Raab and Patrick Sabin",
	Title = "{Implementation of Multiple Key Databases for Shared Configuration}",
	howpublished = "\url{ftp://www.markus-raab.org/elektra.pdf}",
	note = {Accessed February 2014},
	month = mar,
	year = "2008"
}

@article{raab2010thesis,
	title={A modular approach to configuration storage},
	author={Raab, Markus},
	journal={Master's thesis, Vienna University of Technology},
	year={2010}
}

@inproceedings{raab2014program,
	author = {Raab, Markus and Puntigam, Franz},
	title = {Program Execution Environments As Contextual Values},
	booktitle = {Proceedings of 6th International Workshop on
		Context-Oriented Programming},
	year = {2014},
	isbn = {978-1-4503-2861-6},
	location = {Uppsala, Sweden},
	pages = {8:1--8:6},
	articleno = {8},
	numpages = {6},
	url = {http://doi.acm.org/10.1145/2637066.2637074},
	doi = {10.1145/2637066.2637074},
	acmid = {2637074},
	publisher = {ACM},
	address = {NY, USA},
	keywords = {benchmark, code generation,
		configuration file, configuration
			specification, context oriented
			programming, contextual value,
		debugging, persistence, program
			execution environment},
}

@inproceedings{raab2015global,
	author = {Raab, Markus},
	booktitle={Proceedings of the IEEE 18th International Symposium on Real-Time Distributed Computing Workshops (ISORCW/SEUS)},
	title={Global and Thread-Local Activation of Contextual Program Execution Environments},
	year={2015},
	pages={34-41},
	keywords={Internet;multiprocessing systems;program compilers;programming environments;software libraries;specification languages;ubiquitous computing;Web server application;code generation;contextual program execution environments;global context-awareness;language settings;multicore processors;sensor states;smart devices;software library;specification language;thread-local context-awareness;ubiquitous computing;user sessions;Accuracy;Context;Hardware;Instruction sets;Security;Synchronization;Web servers;context oriented programming;customization;multi-core;persistency;ubiquitous computing},
	doi={10.1109/ISORCW.2015.52},
	month={April},
}

@inproceedings{raab2015safe,
	title={Safe Management of Software Configuration},
	author={Raab, Markus},
	booktitle = {Proceedings of the CAiSE'2015 Doctoral Consortium},
	year = {2015},
	pages = {74--82},
	publisher = {http://ceur-ws.org/Vol-1415/},
	address = {urn:nbn:de:0074-1415-4},
	url = {http://ceur-ws.org/Vol-1415/CAISE2015DC09.pdf},
	keywords = {context awareness, customization, persistency, key databases, information systems},
}

@inproceedings{raab2015links,
	author = {Raab, Markus},
	title = {Sharing Software Configuration
	via Specified Links and Transformation Rules},
	booktitle = {8.th workshop on programming languages},
	year = {2015, submitted}
}

@inproceedings{raab2015kps,
	title={Sharing Software Configuration via Specified Links and Transformation Rules},
	author={Raab, Markus},
	booktitle={Technical Report from KPS 2015},
	volume={18},
	year={2015},
	organization={Vienna University of Technology, Complang Group},
}
